@article{Hammond2007,
author = {Hammond, T.H.},
title = {Rank injustice?: How the scoring method for cross-country running competitions violates major social choice principles},
journal = {Public Choice},
year = {2007},
volume = {133},
pages = {359-375}
}


@article{Westera2006,
title = {Decathlon, towards a balanced and sustainable performance assessment method},
author = {Westera, W.},
year = {2006},
volume = {21},
pages = {39-51},
journal = {New Studies in Athletics},
number = {1}
}


@article{BoudreauEtAl2018,
title = {The likelihood of social choice violations in rank sum scoring: algorithms and evidence from NCAA cross country running},
author = {Boudreau, J., Ehrlich, J., Farrukh Raza, M., Sanders, S.},
year = {2018},
volume = {174},
pages = {219-238},
journal = {Public Choice}
}



