

@misc{ioc2016,
  title = {IOC approves five new sports for Olympic Games Tokyo 2020},
  author = {IOC},
  year = {2016},
  url = {https://olympics.com/ioc/news/ioc-approves-five-new-sports-for-olympic-games-tokyo-2020}
}

@misc{blanchard2016,
  title = {Olympic Climbing Survey: 15 Pro Climbers Weigh in},
  year = {2016},
  author = {Blanchard, B.},
  url = {https://www.climbing.com/news/olympic-climbing-survey-15-pro-climbers-weigh-in}
}


@article{haugen2008,
  author = {Kjetil K. Haugen},
  title = {Point Score Systems and Competitive Imbalance in Professional Soccer},
  journal = {Journal of Sports Economics},
  volume = {9},
  number = {2},
  pages = {191-210},
  year = {2008},
  doi = {10.1177/1527002507301116}
}

@Article{hammond2007,
  author={Hammond, Thomas H.},
  title={Rank injustice? How the scoring method for cross-country running competitions violates major social choice principles},
  journal={Public Choice},
  year={2007},
  month={Dec},
  day={01},
  volume={133},
  number={3},
  pages={359-375},
  issn={1573-7101},
  doi={10.1007/s11127-007-9193-6}
}

@Article{boudreau2018,
  author={Boudreau, James and Ehrlich, Justin and Raza, Mian Farrukh and Sanders, Shane},
  title={The likelihood of social choice violations in rank sum scoring: algorithms and evidence from NCAA cross country running},
  journal={Public Choice},
  year={2018},
  month={Mar},
  day={01},
  volume={174},
  number={3},
  pages={219-238},
  issn={1573-7101},
  doi={10.1007/s11127-017-0494-0}
}

@article{westera2006,
  title = {Decathlon, towards a balanced and sustainable performance assessment method},
  author = {Westera, W.},
  year = {2006},
  volume = {21},
  pages = {39-51},
  journal = {New Studies in Athletics},
  number = {1}
}

@article{kendall1938,
 ISSN = {00063444},
 author = {M. G. Kendall},
 journal = {Biometrika},
 number = {1/2},
 pages = {81--93},
 publisher = {[Oxford University Press, Biometrika Trust]},
 title = {A New Measure of Rank Correlation},
 volume = {30},
 year = {1938}
}


@book{luce1959,
  author = {Luce, R. D.},
  year = {1959},
  title = {Individual Choice Behavior: A Theoretical Analysis},
  publisher = {Wiley: New York}
}


@book{arrow1951,
	author = {Arrow, K. J.},
	publisher = {Wiley: New York},
	title = {Social Choice and Individual Values},
	year = {1951}
}


@misc{crossfit2021,
  title = {ABOUT THE GAMES},
  author = {CrossFit},
  year = {2021},
  url = {https://games.crossfit.com/about-the-games}
}
