  FEBS Lett. 2004 Aug 27;573(1-3):83-92. doi: 10.1016/j.febslet.2004.07.055. PMID: 15327980.

@Article{Breitling2004,
  author={Breitling, R., Armengaud, P., Amtmann, A., Herzyk, P.},
  title={Rank products: a simple, yet powerful, new method to detect differentially regulated genes in replicated microarray experiments.},
  journal={FEBS Letters},
  year={2004},
  month={Aug},
  day={27},
  volume={573},
  number={1-3},
  pages={83-92}
}

@misc{Parker2017,
  title = {Rank and Score Aggregation Methods in Competitive Climbing},
  author = {Parker, K. and Osting, B.},
  year = {2017},
  url = {https://evoq-eval.siam.org/Portals/0/Publications/SIURO/Volume%2011/RANK_AND_SCORE_AGGREGATION_METHODS_IN_COMPETITIVE_CLIMBING.pdf?ver=2018-02-27-134920-210}
}

@misc{StinsonStinson2021,
  title = {An Analysis and Critique of the Scoring Method Used
for Sport Climbing at the 2020 Tokyo Olympics},
  author = {Stinson, M.J. and Stinson, D.R.},
  year = {2021},
  url = {https://arxiv.org/pdf/2108.12635.pdf}
}

@misc{DrummondPopinga2021,
  title = {Bayesian inference of the climbing grade scale},
  author = {Drummond, A. and Popinga, A.},
  year = {2021},
  url = {https://arxiv.org/pdf/2111.08140.pdf}
}

@misc{Dart2021,
  title = {Climbing is a hit at the Tokyo Olympics – but does it reward the best athletes?},
  author = {Dart, T.},
  year = {2021},
  url = {theguardian.com/sport/2021/aug/05/climbing-scoring-tokyo-2020-olympics-adam-ondra}
}

@misc{ioc2016,
  title = {IOC approves five new sports for Olympic Games Tokyo 2020},
  author = {IOC},
  year = {2016},
  url = {https://olympics.com/ioc/news/ioc-approves-five-new-sports-for-olympic-games-tokyo-2020}
}

@misc{blanchard2016,
  title = {Olympic Climbing Survey: 15 Pro Climbers Weigh in},
  year = {2016},
  author = {Blanchard, B.},
  url = {https://www.climbing.com/news/olympic-climbing-survey-15-pro-climbers-weigh-in}
}

@Article{hammond2007,
  author={Hammond, Thomas H.},
  title={Rank injustice? How the scoring method for cross-country running competitions violates major social choice principles},
  journal={Public Choice},
  year={2007},
  month={Dec},
  day={01},
  volume={133},
  number={3},
  pages={359-375},
  issn={1573-7101},
}

@Article{boudreau2018,
  author={Boudreau, James and Ehrlich, Justin and Raza, Mian Farrukh and Sanders, Shane},
  title={The likelihood of social choice violations in rank sum scoring: algorithms and evidence from NCAA cross country running},
  journal={Public Choice},
  year={2018},
  month={Mar},
  day={01},
  volume={174},
  number={3},
  pages={219-238},
  issn={1573-7101},
}

@article{westera2006,
  title = {Decathlon, towards a balanced and sustainable performance assessment method},
  author = {Westera, W.},
  year = {2006},
  volume = {21},
  pages = {39-51},
  journal = {New Studies in Athletics},
  number = {1}
}

@article{kendall1938,
 ISSN = {00063444},
 author = {M. G. Kendall},
 journal = {Biometrika},
 number = {1/2},
 pages = {81--93},
 publisher = {[Oxford University Press, Biometrika Trust]},
 title = {A New Measure of Rank Correlation},
 volume = {30},
 year = {1938}
}


@book{luce1959,
  author = {Luce, R. D.},
  year = {1959},
  title = {Individual Choice Behavior: A Theoretical Analysis},
  publisher = {Wiley: New York}
}


@book{arrow1951,
	author = {Arrow, K. J.},
	publisher = {Wiley: New York},
	title = {Social Choice and Individual Values},
	year = {1951}
}


@misc{crossfit2021,
  title = {About the Games},
  author = {CrossFit},
  year = {2021},
  url = {https://games.crossfit.com/about-the-games}
}

@article{efron1986,
author = {B. Efron and R. Tibshirani},
title = {{Bootstrap Methods for Standard Errors, Confidence Intervals, and Other Measures of Statistical Accuracy}},
volume = {1},
journal = {Statistical Science},
number = {1},
publisher = {Institute of Mathematical Statistics},
pages = {54 -- 75},
keywords = {approximate confidence intervals, bootstrap method, estimated standard errors, nonparametric methods},
year = {1986},
}

@misc{goh2020,
  title = {Breaking, sport climbing, surfing, skateboarding confirmed as additional sports for Paris 2024},
  author = {Goh, Z. K.},
  year = {2020},
  url = {https://olympics.com/en/news/breaking-sport-climbing-surfing-skateboarding-paris-2024}
}


@misc{datawiki,
   author = "{Wikipedia contributors}",
   title = {Sport climbing at the 2020 Summer Olympics – Women's combined},
   year = {2021},
   url = "https://en.wikipedia.org/wiki/Sport_climbing_at_the_2020_Summer_Olympics_-_Women's_combined"
 }
 
@misc{2018youth,
   author = "{Olympic World Library}",
   title = {Official Results Books: Buenos Aires 2018 Youth Olympic Games},
   year = {2018},
   volume={26},
   url = "https://library.olympics.com/Default/doc/SYRACUSE/177522/official-results-books-buenos-aires-2018-youth-olympic-games-buenos-aires-youth-olympic-games-organi"
 }
